<record><leader>00000cas a22000007a 4500</leader><controlfield tag="001">18709258</controlfield><controlfield tag="008">881104d18821906mduwr ne      0    0eng d</controlfield><datafield ind1=" " ind2=" " tag="010"><subfield code="a">sn 88065718 </subfield></datafield><datafield ind1=" " ind2=" " tag="040"><subfield code="a">MFN</subfield><subfield code="b">eng</subfield><subfield code="c">MFN</subfield><subfield code="d">OCLCQ</subfield></datafield><datafield ind1=" " ind2=" " tag="042"><subfield code="a">msc</subfield></datafield><datafield ind1=" " ind2="4" tag="050"><subfield code="a">AN41.16</subfield><subfield code="b">.M6</subfield></datafield><datafield ind1="0" ind2=" " tag="130"><subfield code="a">Weekly herald (Baltimore, Md.)</subfield></datafield><datafield ind1="1" ind2="4" tag="245"><subfield code="a">The weekly herald.</subfield></datafield><datafield ind1="3" ind2="0" tag="246"><subfield code="a">Baltimore weekly herald</subfield></datafield><datafield ind1=" " ind2=" " tag="260"><subfield code="a">Baltimore :</subfield><subfield code="b">Morning Herald</subfield></datafield><datafield ind1=" " ind2=" " tag="300"><subfield code="a">v.</subfield></datafield><datafield ind1=" " ind2=" " tag="310"><subfield code="a">Weekly</subfield></datafield><datafield ind1="1" ind2=" " tag="362"><subfield code="a">Began in Feb. 1882? Ceased in 1906?</subfield></datafield><datafield ind1=" " ind2=" " tag="500"><subfield code="a">Published as: Baltimore weekly herald, &lt;Mar. 11-July 22, 1904&gt;.</subfield></datafield><datafield ind1=" " ind2=" " tag="580"><subfield code="a">Daily eds.: Morning herald (Baltimore, Md.), 1882-1900; Baltimore morning herald, 1900-1904; Baltimore evening herald, 1904-1906.</subfield></datafield><datafield ind1=" " ind2=" " tag="588"><subfield code="a">Description based on: Whole no. 104 (Jan. 4, 1884).</subfield></datafield><datafield ind1=" " ind2=" " tag="752"><subfield code="a">United States</subfield><subfield code="b">Maryland</subfield><subfield code="d">Baltimore.</subfield></datafield><datafield ind1="1" ind2=" " tag="775"><subfield code="t">Morning herald (Baltimore, Md.)</subfield><subfield code="w">(DLC)sn 88065715</subfield></datafield><datafield ind1="1" ind2=" " tag="775"><subfield code="t">Baltimore morning herald</subfield><subfield code="w">(DLC)sn 88065717</subfield></datafield><datafield ind1="1" ind2=" " tag="775"><subfield code="t">Baltimore evening herald</subfield><subfield code="w">(DLC)sn 90057019</subfield></datafield></record>